@article{pddl1.2,
    author = {Ghallab, Malik and Knoblock, Craig and Wilkins, David and Barrett, Anthony and Christianson, Dave and Friedman, Marc and Kwok, Chung and Golden, Keith and Penberthy, Scott and Smith, David and Sun, Ying and Weld, Daniel},
    year = {1998},
    month = {08},
    title = {PDDL - The Planning Domain Definition Language}
},

@article{pddl2.1,
 author = {Fox, Maria and Long, Derek},
 title = {PDDL2.1: An Extension to PDDL for Expressing Temporal Planning Domains},
 journal = {Journal of  Artificial Intelligence Research},
 issue_date = {December 2003},
 volume = {20},
 number = {1},
 month = dec,
 year = {2003},
 issn = {1076-9757},
 pages = {61--124},
 numpages = {64},
 url = {http://dl.acm.org/citation.cfm?id=1622452.1622454},
 acmid = {1622454},
 publisher = {AI Access Foundation},
 address = {USA},
}

@article{pddl2.2,
    author = {Edelkamp, Stefan},
    year = {2004},
    month = {01},
    title = {PDDL2.2: The language for the classical part of the 4th international planning competition}
},

@unpublished{pddl3.0, 
    author    = {Alfonso Gerevini and
                    Derek Long},
    title     = {BNF Description of PDDL3.0},
    booktitle = {},
    month =     {10},
    year      = {2005},
    series    = {},
    volume    = {}
},

@misc{pddl3.1,
    author = {Patrik Haslum},
    title = {Changes in PDDL 3.1},
    year = {2011},
    month = {9},
    howpublished = {\url{http://icaps-conference.org/ipc2008/deterministic/PddlExtension.html}},
    note = {Accessed:2018-9-28}
},

@unpublished{pddl3.1-corrected,
    author    = {Daniel L. Kovacs},
    title     = {Complete BNF description of PDDL 3.1 (completely corrected)},
    booktitle = {},
    year      = {2011},
    series    = {},
    volume    = {}
},

@misc{icaps,
    title = {ICAPS Competitions},
    howpublished = {\url{http://www.icaps-conference.org/index.php/Main/Competitions}},
    note = {Accessed:2018-9-28}
},

@inproceedings{gebser,
    author    = {Martin Gebser and
               Tomi Janhunen and
               Jussi Rintanen},
    title     = {{SAT} Modulo Graphs: Acyclicity},
    booktitle = {Proceedings of the 14th European Conference on Logics in Artificial Intelligence -  {JELIA}},
    pages     = {137--151},
    year      = {2014},
    series    = {Lecture Notes in Computer Science},
    volume    = {8761}
},

@misc{smtlib,
    author = {The SMT-LIB Initiative},
    title = {SMT-LIB The Satisfiability Modulo Theories Library},
    howpublished = {\url{http://smtlib.cs.uiowa.edu/}},
    note = {Accessed:2018-9-28}
},

@misc{yices,
    author = {SRI International},
    title = {The Yices SMT Solver},
    year = {2018},
    month = {May},
    howpublished = {\url{http://yices.csl.sri.com/}},
    note = {Accessed:2018-9-28}
},

@inproceedings{yices2,
  author    = {Bruno Dutertre},
  title     = {Yices 2.2},
  booktitle = {Proceedings of the 26th International Conference on Computer Aided Verification, {CAV}},
  pages     = {737--744},
  year      = {2014},
 series    = {Lecture Notes in Computer Science},
  volume    = {8559}
},

@article{rantanplan,
    author    = {Miquel Bofill and
               Joan Espasa and
               Mateu Villaret},
    title     = {The {RANTANPLAN} planner: system description},
    journal   = {Knowledge Eng. Review},
    volume    = {31},
    number    = {5},
    pages     = {452--464},
    year      = {2016},
    url       = {https://doi.org/10.1017/S0269888916000229},
    doi       = {10.1017/S0269888916000229},
    timestamp = {Sat, 16 Sep 2017 12:05:27 +0200},
    biburl    = {https://dblp.org/rec/bib/journals/ker/BofillEV16},
    bibsource = {dblp computer science bibliography, https://dblp.org}
},

@misc{ wiki:strips,
    author = "{Wikipedia contributors}",
    title = "STRIPS --- {Wikipedia}{,} The Free Encyclopedia",
    year = "2017",
    howpublished = "\url{https://en.wikipedia.org/w/index.php?title=STRIPS&oldid=776534185}",
    note = "[Online; accessed 1-September-2018]"
 },

@inbook{smt,
title = "Satisfiability modulo theories",
author = "Clark Barrett and Roberto Sebastiani and Seshia, {Sanjit A.} and Cesare Tinelli",
year = "2009",
doi = "10.3233/978-1-58603-929-5-825",
language = "English (US)",
isbn = "9781586039295",
volume = "185",
series = "Frontiers in Artificial Intelligence and Applications",
number = "1",
pages = "825--885",
booktitle = "Handbook of Satisfiability",
edition = "1",
}



@article{fastdownward,
 author = {Helmert, Malte},
 title = {The Fast Downward Planning System},
 journal = {Journar of Artificial Intlligence Research},
 issue_date = {May 2006},
 volume = {26},
 number = {1},
 month = jul,
 year = {2006},
 issn = {1076-9757},
 pages = {191--246},
 numpages = {56},
 url = {http://dl.acm.org/citation.cfm?id=1622559.1622565},
 acmid = {1622565},
 publisher = {AI Access Foundation},
 address = {USA},
} 
[download]